@article{alaimo2022organizations,
  author  = {Alaimo, Cristina and Kallinikos, Jannis},
  title   = {Organizations Decenterded: Data Objects, Technology and Knowledge.},
  journal = {Organization Science},
  volume  = {33},
  number = {1},
  pages   = {19-37},
  year    = {2022}
}

@article{okoli2015guide,
  author  = {Okoli, Chitu},
  title   = {A Guide to Conducting a Standalone Systematic Literature Review},
  journal = {Communications of the Association for Information Systems},
  volume  = {37},
  pages   = {879-910},
  year    = {2015}
}